@article{gorman2014structural,
      title={Structural size measurements and isotopic signatures of foraging among adult male and female gentoo penguins (Pygoscelis papua) nesting along the Palmer Archipelago near Palmer Station, 2007-2009},
      author={Gorman, Kristen and LTER, Palmer Station Antarctica},
      year={2014},
      publisher={Environmental Data Initiative}
    }

@article{lter2016structural,
      title={Structural size measurements and isotopic signatures of foraging among adult male and female chinstrap penguins (Pygoscelis antarctica) nesting along the Palmer Archipelago near Palmer Station, 2007-2009},
      author={LTER, Palmer Station Antarctica and Gorman, Kristen},
      year={2016},
      publisher={Environmental Data Initiative}
    }

@article{gorman2014ecological,
      title={Ecological sexual dimorphism and environmental variability within a community of Antarctic penguins (genus Pygoscelis)},
      author={Gorman, Kristen B and Williams, Tony D and Fraser, William R},
      journal={PloS one},
      volume={9},
      number={3},
      pages={e90081},
      year={2014},
      publisher={Public Library of Science San Francisco, USA}
    }

@article{barros2022,
  author = {Paulo Barros},
  title = {Gerando manuscritos acadêmicos com referências utilizando
    Rmarkdown},
  date = {2022-03-07},
  url = {https://paulobarros.com.br/posts/2021-07-15_manuscritos_cientificos_rmarkdown/pt},
  langid = {pt-BR}
}

